<record><leader>00000cas a22000007a 4500</leader><controlfield tag="001">11302256</controlfield><controlfield tag="008">841024d19uu1958nmuwr ne      0    0eng  </controlfield><datafield ind1=" " ind2=" " tag="010"><subfield code="a">sn 84020649 </subfield></datafield><datafield ind1=" " ind2=" " tag="040"><subfield code="a">DLC</subfield><subfield code="b">eng</subfield><subfield code="c">DLC</subfield><subfield code="d">NVM</subfield><subfield code="d">DLC</subfield><subfield code="d">NVM</subfield><subfield code="d">OCLCQ</subfield><subfield code="d">DLC</subfield><subfield code="d">OCLCQ</subfield><subfield code="d">OCLCF</subfield><subfield code="d">OCLCQ</subfield><subfield code="d">IUL</subfield></datafield><datafield ind1="0" ind2=" " tag="041"><subfield code="a">eng</subfield><subfield code="a">spa</subfield></datafield><datafield ind1=" " ind2=" " tag="042"><subfield code="a">msc</subfield></datafield><datafield ind1=" " ind2=" " tag="043"><subfield code="a">n-us-nm</subfield></datafield><datafield ind1="0" ind2="0" tag="245"><subfield code="a">Espanola Valley news.</subfield></datafield><datafield ind1="1" ind2="7" tag="246"><subfield code="a">News</subfield><subfield code="f">&lt;Oct. 2, 1947-Dec. 9, 1948&gt;</subfield></datafield><datafield ind1=" " ind2=" " tag="260"><subfield code="a">Espanola, N.M. :</subfield><subfield code="b">Richard D. Bokum</subfield></datafield><datafield ind1=" " ind2=" " tag="300"><subfield code="a">volumes</subfield></datafield><datafield ind1=" " ind2=" " tag="310"><subfield code="a">Weekly</subfield></datafield><datafield ind1=" " ind2=" " tag="336"><subfield code="a">text</subfield><subfield code="b">txt</subfield><subfield code="2">rdacontent</subfield></datafield><datafield ind1=" " ind2=" " tag="337"><subfield code="a">unmediated</subfield><subfield code="b">n</subfield><subfield code="2">rdamedia</subfield></datafield><datafield ind1=" " ind2=" " tag="338"><subfield code="a">volume</subfield><subfield code="b">nc</subfield><subfield code="2">rdacarrier</subfield></datafield><datafield ind1="0" ind2=" " tag="362"><subfield code="a">-v. 21, no. 25 (June 25, 1958).</subfield></datafield><datafield ind1=" " ind2=" " tag="546"><subfield code="a">In English and Spanish.</subfield></datafield><datafield ind1=" " ind2=" " tag="580"><subfield code="a">Accompanied at various times by El Nuevo mexicano, a separately numbered section or supplement.</subfield></datafield><datafield ind1=" " ind2=" " tag="588"><subfield code="a">Description based on: Vol. 9, no. 57 (Oct. 17, 1946).</subfield></datafield><datafield ind1=" " ind2="0" tag="651"><subfield code="a">Espanola (N.M.)</subfield><subfield code="v">Newspapers.</subfield></datafield><datafield ind1=" " ind2="0" tag="651"><subfield code="a">Rio Arriba County (N.M.)</subfield><subfield code="v">Newspapers.</subfield></datafield><datafield ind1=" " ind2="7" tag="651"><subfield code="a">New Mexico</subfield><subfield code="z">Espanola.</subfield><subfield code="2">fast</subfield><subfield code="0">(OCoLC)fst01220473</subfield></datafield><datafield ind1=" " ind2="7" tag="651"><subfield code="a">New Mexico</subfield><subfield code="z">Rio Arriba County.</subfield><subfield code="2">fast</subfield><subfield code="0">(OCoLC)fst01220265</subfield></datafield><datafield ind1=" " ind2="7" tag="655"><subfield code="a">Newspapers.</subfield><subfield code="2">fast</subfield><subfield code="0">(OCoLC)fst01423814</subfield></datafield><datafield ind1=" " ind2=" " tag="752"><subfield code="a">United States</subfield><subfield code="b">New Mexico</subfield><subfield code="c">Rio Arriba</subfield><subfield code="d">Espanola.</subfield></datafield><datafield ind1="0" ind2=" " tag="775"><subfield code="t">Nuevo mexicano</subfield><subfield code="x">2472-2820</subfield><subfield code="w">(DLC)sn 94056869</subfield><subfield code="w">(OCoLC)15473618</subfield></datafield><datafield ind1="0" ind2="4" tag="785"><subfield code="t">Rio Grande sun</subfield><subfield code="w">(DLC)sn 88063136</subfield><subfield code="w">(OCoLC)10288712</subfield></datafield><datafield ind1="1" ind2=" " tag="029"><subfield code="a">AU@</subfield><subfield code="b">000020665487</subfield></datafield></record>